<record xmlns="http://www.loc.gov/MARC21/slim" xmlns:xsi="http://www.w3.org/2001/XMLSchema-instance" xsi:schemaLocation="http://www.loc.gov/MARC21/slim http://www.loc.gov/standards/marcxml/schema/MARC21slim.xsd"><leader>00481cz   2200157n  4500</leader><controlfield tag="001">oca00794144 </controlfield><controlfield tag="005">20011213133719.0</controlfield><controlfield tag="008">820924n| acannaabn          |a aaa      </controlfield><datafield ind1=" " ind2=" " tag="010"><subfield code="a">n  82097560 </subfield></datafield><datafield ind1=" " ind2=" " tag="040"><subfield code="a">DLC</subfield><subfield code="c">DLC</subfield><subfield code="d">DLC</subfield><subfield code="d">NjP</subfield><subfield code="d">CoU</subfield></datafield><datafield ind1="0" ind2=" " tag="100"><subfield code="a">Valerius Maximus</subfield></datafield><datafield ind1="1" ind2=" " tag="400"><subfield code="a">Maximus, Valerius</subfield></datafield><datafield ind1="1" ind2=" " tag="400"><subfield code="a">Maxime, Valère</subfield></datafield><datafield ind1="0" ind2=" " tag="400"><subfield code="a">Valerio Massimo</subfield></datafield><datafield ind1=" " ind2=" " tag="670"><subfield code="a">His Faits et dits mémorables, 1995:</subfield><subfield code="b">t.p. (Valère Maxime)</subfield></datafield><datafield ind1=" " ind2=" " tag="670"><subfield code="a">Un volgarizzamento inedito di Valerio Massimo, 1996.</subfield></datafield></record>